<?xml version="1.0" encoding="UTF-8"?><collection xmlns="http://www.loc.gov/MARC21/slim"><record><leader>00503nam--2200169-i-4500</leader><controlfield tag="001">000040960</controlfield><controlfield tag="002">20161230</controlfield><controlfield tag="005">20161230201042</controlfield><controlfield tag="008">060222s1000------------r-----000-0-eng-d</controlfield><datafield ind1=" " ind2=" " tag="040"><subfield code="a">IFIN-HH</subfield></datafield><datafield ind1=" " ind2=" " tag="080"><subfield code="a">539.122.164</subfield></datafield><datafield ind1="1" ind2=" " tag="100"><subfield code="a">Shafroth, Stephen M</subfield></datafield><datafield ind1="1" ind2="0" tag="245"><subfield code="a">Scintillation spectroscopy of gamma radiation</subfield><subfield code="b">Volume 1</subfield><subfield code="c">Stephen m. shafroth (ed.)</subfield></datafield><datafield ind1=" " ind2=" " tag="260"><subfield code="a">London</subfield><subfield code="b">Gordon And Breach Science Publishers</subfield><subfield code="c">1967</subfield></datafield><datafield ind1=" " ind2=" " tag="300"><subfield code="a">VIII + 446 P</subfield></datafield><datafield ind1=" " ind2=" " tag="852"><subfield code="a">27735</subfield><subfield code="c">539.163.2</subfield></datafield><datafield ind1=" " ind2=" " tag="CAT"><subfield code="a">Sys</subfield><subfield code="c">20120521</subfield><subfield code="h">134849</subfield></datafield></record></collection>